% This file was created with JabRef 2.7b.
% Encoding: UTF-8

% Siehe auch Beschreibung in https://en.wikipedia.org/wiki/BibTeX
% Falls noetig, gibt es auch die Felder ISBN und ISSN fuer die BibTeX-Eintraege.


@article{LeCun2015,
  title={Deep learning},
  author={LeCun, Yann and Bengio, Yoshua and Hinton, Geoffrey},
  journal={nature},
  volume={521},
  number={7553},
  pages={436--444},
  year={2015},
  publisher={Nature Publishing Group UK London}
}

@article{NIPS2012_c399862d,
  title={Imagenet classification with deep convolutional neural networks},
  author={Krizhevsky, Alex and Sutskever, Ilya and Hinton, Geoffrey E},
  journal={Advances in neural information processing systems},
  volume={25},
  year={2012}
}

@article{simonyan2015deepconvolutionalnetworkslargescale,
  title={Very deep convolutional networks for large-scale image recognition},
  author={Simonyan, Karen and Zisserman, Andrew},
  journal={arXiv preprint arXiv:1409.1556},
  year={2014}
}

@inproceedings{7298594,
  title={Going deeper with convolutions},
  author={Szegedy, Christian and Liu, Wei and Jia, Yangqing and Sermanet, Pierre and Reed, Scott and Anguelov, Dragomir and Erhan, Dumitru and Vanhoucke, Vincent and Rabinovich, Andrew},
  booktitle={Proceedings of the IEEE conference on computer vision and pattern recognition},
  pages={1--9},
  year={2015}
}

@inproceedings{he2016deep,
  title={Deep residual learning for image recognition},
  author={He, Kaiming and Zhang, Xiangyu and Ren, Shaoqing and Sun, Jian},
  booktitle={Proceedings of the IEEE conference on computer vision and pattern recognition},
  pages={770--778},
  year={2016}
}



@misc{FPOMathematik10,
    author  = {FAU},
    title   = {General Examination Regulations for the
    Bachelor’s degree programmes in Data Science,
    Mathematics, Industrial Mathematics and Economics and
    Mathematics and the Master's degree programmes in
    Data Science, Mathematics, Computational and Applied
    Mathematics and Economics and Mathematics},
    year    = {Dated 11 March 2015},
    url     = {http://www.uni-erlangen.de/universitaet/organisation/recht/studiensatzungen/nat.shtml#Mathematik},
}

%used in methodology for writing about anomalib
@inproceedings{9897283,
  title={Anomalib: A deep learning library for anomaly detection},
  author={Akcay, Samet and Ameln, Dick and Vaidya, Ashwin and Lakshmanan, Barath and Ahuja, Nilesh and Genc, Utku},
  booktitle={2022 IEEE International Conference on Image Processing (ICIP)},
  pages={1706--1710},
  year={2022},
  organization={IEEE}
}

@inproceedings{Gong_2020,
  title={Application of deep learning in defect Detection},
  author={Gong, Xiaoyuan and Bai, Yuewei and Liu, Yiqun and Mu, Hua},
  booktitle={Journal of Physics: Conference Series},
  volume={1684},
  number={1},
  pages={012030},
  year={2020},
  organization={IOP Publishing}
}

@article{FINK2020103678,
  title={Potential, challenges and future directions for deep learning in prognostics and health management applications},
  author={Fink, Olga and Wang, Qin and Svensen, Markus and Dersin, Pierre and Lee, Wan-Jui and Ducoffe, Melanie},
  journal={Engineering Applications of Artificial Intelligence},
  volume={92},
  pages={103678},
  year={2020},
  publisher={Elsevier}
}

@article{10.1145/1541880.1541882,
  title={Anomaly detection: A survey},
  author={Chandola, Varun and Banerjee, Arindam and Kumar, Vipin},
  journal={ACM computing surveys (CSUR)},
  volume={41},
  number={3},
  pages={1--58},
  year={2009},
  publisher={ACM New York, NY, USA}
}

@article{PIMENTEL2014215,
  title={A review of novelty detection},
  author={Pimentel, Marco AF and Clifton, David A and Clifton, Lei and Tarassenko, Lionel},
  journal={Signal processing},
  volume={99},
  pages={215--249},
  year={2014},
  publisher={Elsevier}
}

@article{bank2021autoencoders,
  title={Autoencoders},
  author={Bank, Dor and Koenigstein, Noam and Giryes, Raja},
  journal={Machine learning for data science handbook: data mining and knowledge discovery handbook},
  pages={353--374},
  year={2023},
  publisher={Springer}
}

@article{Kingma_2019,
  title={An introduction to variational autoencoders},
  author={Kingma, Diederik P and Welling, Max and others},
  journal={Foundations and Trends{\textregistered} in Machine Learning},
  volume={12},
  number={4},
  pages={307--392},
  year={2019},
  publisher={Now Publishers, Inc.}
}

@article{goodfellow2014generativeadversarialnetworks,
  title={Generative adversarial networks},
  author={Goodfellow, Ian and Pouget-Abadie, Jean and Mirza, Mehdi and Xu, Bing and Warde-Farley, David and Ozair, Sherjil and Courville, Aaron and Bengio, Yoshua},
  journal={Communications of the ACM},
  volume={63},
  number={11},
  pages={139--144},
  year={2020},
  publisher={ACM New York, NY, USA}
}

@inproceedings{schlegl2017unsupervisedanomalydetectiongenerative,
  title={Unsupervised anomaly detection with generative adversarial networks to guide marker discovery},
  author={Schlegl, Thomas and Seeb{\"o}ck, Philipp and Waldstein, Sebastian M and Schmidt-Erfurth, Ursula and Langs, Georg},
  booktitle={International conference on information processing in medical imaging},
  pages={146--157},
  year={2017},
  organization={Springer}
}

@inproceedings{roth2022totalrecallindustrialanomaly,
  title={Towards total recall in industrial anomaly detection},
  author={Roth, Karsten and Pemula, Latha and Zepeda, Joaquin and Sch{\"o}lkopf, Bernhard and Brox, Thomas and Gehler, Peter},
  booktitle={Proceedings of the IEEE/CVF conference on computer vision and pattern recognition},
  pages={14318--14328},
  year={2022}
}

@misc{zagoruyko2017wideresidualnetworks,
      title={Wide Residual Networks}, 
      author={Sergey Zagoruyko and Nikos Komodakis},
      year={2017},
      eprint={1605.07146},
      archivePrefix={arXiv},
      primaryClass={cs.CV},
      url={https://arxiv.org/abs/1605.07146}, 
}

@article{ahuja2019probabilisticmodelingdeepfeatures,
  title={Probabilistic modeling of deep features for out-of-distribution and adversarial detection},
  author={Ahuja, Nilesh A and Ndiour, Ibrahima and Kalyanpur, Trushant and Tickoo, Omesh},
  journal={arXiv preprint arXiv:1909.11786},
  year={2019}
}

@inproceedings{8954181,
  title={MVTec AD--A comprehensive real-world dataset for unsupervised anomaly detection},
  author={Bergmann, Paul and Fauser, Michael and Sattlegger, David and Steger, Carsten},
  booktitle={Proceedings of the IEEE/CVF conference on computer vision and pattern recognition},
  pages={9592--9600},
  year={2019}
}

@book{Bishop2006,
  title={Pattern recognition and machine learning},
  author={Bishop, Christopher M and Nasrabadi, Nasser M},
  volume={4},
  number={4},
  year={2006},
  publisher={Springer}
}

@article{JMLR:v9:vandermaaten08a,
  title={Visualizing data using t-SNE.},
  author={Van der Maaten, Laurens and Hinton, Geoffrey},
  journal={Journal of machine learning research},
  volume={9},
  number={11},
  year={2008}
}






@misc{Ultralytics2024v10,
  author    = {Ultralytics},
  title     = {YOLOv10 Model Documentation},
  year      = {2024},
  url       = {https://docs.ultralytics.com/models/yolov10/},
  note      = {Accessed: 5 September 2024}
}

@misc{Ultralytics2024,
  author = {Glenn Jocher and Ayush Chaurasia and Jing Qiu},
  title = {Ultralytics YOLOv8},
  version = {8.0.0},
  year = {2023},
  url = {https://github.com/ultralytics/ultralytics},
  orcid = {0000-0001-5950-6979, 0000-0002-7603-6750, 0000-0003-3783-7069},
  license = {AGPL-3.0}
}

@misc{yolov5,
  title = {Ultralytics YOLOv5},
  author = {Glenn Jocher},
  year = {2020},
  version = {7.0},
  license = {AGPL-3.0},
  url = {https://github.com/ultralytics/yolov5},
  doi = {10.5281/zenodo.3908559},
  orcid = {0000-0001-5950-6979}
}

@inproceedings{wang2021scaled,
  title={Scaled-yolov4: Scaling cross stage partial network},
  author={Wang, Chien-Yao and Bochkovskiy, Alexey and Liao, Hong-Yuan Mark},
  booktitle={Proceedings of the IEEE/cvf conference on computer vision and pattern recognition},
  pages={13029--13038},
  year={2021}
}

@article{redmon2018yolov3,
  title={Yolov3: An incremental improvement},
  author={Redmon, Joseph},
  journal={arXiv preprint arXiv:1804.02767},
  year={2018}
}

@article{wang2024yolov1,
  title={YOLOv1 to YOLOv10: The fastest and most accurate real-time object detection systems},
  author={Wang, Chien-Yao and Liao, Hong-Yuan Mark},
  journal={arXiv preprint arXiv:2408.09332},
  year={2024}
}

@inproceedings{redmon2017yolo9000,
  title={YOLO9000: better, faster, stronger},
  author={Redmon, Joseph and Farhadi, Ali},
  booktitle={Proceedings of the IEEE conference on computer vision and pattern recognition},
  pages={7263--7271},
  year={2017}
}

@misc{batzner2024efficientadaccuratevisualanomaly,
      title={EfficientAD: Accurate Visual Anomaly Detection at Millisecond-Level Latencies}, 
      author={Kilian Batzner and Lars Heckler and Rebecca König},
      year={2024},
      eprint={2303.14535},
      archivePrefix={arXiv},
      primaryClass={cs.CV},
      url={https://arxiv.org/abs/2303.14535}, 
}

@article{yu2021fastflowunsupervisedanomalydetection,
  title={Fastflow: Unsupervised anomaly detection and localization via 2d normalizing flows},
  author={Yu, Jiawei and Zheng, Ye and Wang, Xiang and Li, Wei and Wu, Yushuang and Zhao, Rui and Wu, Liwei},
  journal={arXiv preprint arXiv:2111.07677},
  year={2021}
}

@inproceedings{Mishra_2021,
   title={VT-ADL: A Vision Transformer Network for Image Anomaly Detection and Localization},
   url={http://dx.doi.org/10.1109/ISIE45552.2021.9576231},
   DOI={10.1109/isie45552.2021.9576231},
   booktitle={2021 IEEE 30th International Symposium on Industrial Electronics (ISIE)},
   publisher={IEEE},
   author={Mishra, Pankaj and Verk, Riccardo and Fornasier, Daniele and Piciarelli, Claudio and Foresti, Gian Luca},
   year={2021},
   month=jun 
}

@article{krizhevsky2009learning,
  title={Learning multiple layers of features from tiny images},
  author={Krizhevsky, Alex and Hinton, Geoffrey and others},
  year={2009},
  publisher={Toronto, ON, Canada},
  journal = {University of Toronto}
}

@inproceedings{redmon2016you,
  title={You only look once: Unified, real-time object detection},
  author={Redmon, Joseph and Divvala, Santosh and Girshick, Ross and Farhadi, Ali},
  booktitle={Proceedings of the IEEE conference on computer vision and pattern recognition},
  pages={779--788},
  year={2016}
}

@inproceedings{zou2022spotthedifferenceselfsupervisedpretraininganomaly,
  title={Spot-the-difference self-supervised pre-training for anomaly detection and segmentation},
  author={Zou, Yang and Jeong, Jongheon and Pemula, Latha and Zhang, Dongqing and Dabeer, Onkar},
  booktitle={European Conference on Computer Vision},
  pages={392--408},
  year={2022},
  organization={Springer}
}


@inproceedings{5206848,
  title={Imagenet: A large-scale hierarchical image database},
  author={Deng, Jia and Dong, Wei and Socher, Richard and Li, Li-Jia and Li, Kai and Fei-Fei, Li},
  booktitle={2009 IEEE conference on computer vision and pattern recognition},
  pages={248--255},
  year={2009},
  organization={Ieee}
}


@inproceedings{10208786,
  title={Region-based appearance and flow characteristics for anomaly detection in infrared surveillance imagery},
  author={Gaus, Yona Falinie A and Bhowmik, Neelanjan and Isaac-Medina, Brian KS and Shum, Hubert PH and Atapour-Abarghouei, Amir and Breckon, Toby P},
  booktitle={Proceedings of the IEEE/CVF Conference on Computer Vision and Pattern Recognition},
  pages={2995--3005},
  year={2023}
}

@misc{IBM2023,
  author    = {{IBM}},
  title     = {Principal Component Analysis},
  year      = {2023},
  month     = {December},
  url       = {https://www.ibm.com/topics/principal-component-analysis},
  note      = {Published: 8 December 2023}
}

@article{Shalizi2012,
  title={Advanced data analysis from an elementary point of view},
  author={Shalizi, Cosma},
  year={2013},
  journal={Citeseer}
}

@misc{oshea2015introductionconvolutionalneuralnetworks,
      title={An Introduction to Convolutional Neural Networks}, 
      author={Keiron O'Shea and Ryan Nash},
      year={2015},
      eprint={1511.08458},
      archivePrefix={arXiv},
      primaryClass={cs.NE},
      url={https://arxiv.org/abs/1511.08458}, 
}

@ARTICLE{726791,
  author={Lecun, Y. and Bottou, L. and Bengio, Y. and Haffner, P.},
  journal={Proceedings of the IEEE}, 
  title={Gradient-based learning applied to document recognition}, 
  year={1998},
  volume={86},
  number={11},
  pages={2278-2324},
  keywords={Neural networks;Pattern recognition;Machine learning;Optical character recognition software;Character recognition;Feature extraction;Multi-layer neural network;Optical computing;Hidden Markov models;Principal component analysis},
  doi={10.1109/5.726791}
}

@misc{GeeksforGeeks2024,
  author    = {{GeeksforGeeks}},
  title     = {Introduction to Convolutional Neural Networks},
  year      = {2024},
  url       = {https://www.geeksforgeeks.org/introduction-convolution-neural-network/},
}

@book{Goodfellow-et-al-2016,
    title={Deep Learning},
    author={Ian Goodfellow and Yoshua Bengio and Aaron Courville},
    publisher={MIT Press},
    note={\url{http://www.deeplearningbook.org}},
    year={2016}
}

@ARTICLE{6296535,
  author={Deng, Li},
  journal={IEEE Signal Processing Magazine}, 
  title={The MNIST Database of Handwritten Digit Images for Machine Learning Research [Best of the Web]}, 
  year={2012},
  volume={29},
  number={6},
  pages={141-142},
  keywords={Machine learning},
  doi={10.1109/MSP.2012.2211477}
}

@article{Zhao2024,
  author    = {Xiaojie Zhao and Lin Wang and Yan Zhang and others},
  title     = {A review of convolutional neural networks in computer vision},
  journal   = {Artificial Intelligence Review},
  volume    = {57},
  pages     = {99},
  year      = {2024},
  doi       = {10.1007/s10462-024-10721-6},
  url       = {https://doi.org/10.1007/s10462-024-10721-6},
  note      = {Accepted: 4 February 2024, Published: 23 March 2024}
}

@article{dubey2022activationfunctionsdeeplearning,
  title={Activation functions in deep learning: A comprehensive survey and benchmark},
  author={Dubey, Shiv Ram and Singh, Satish Kumar and Chaudhuri, Bidyut Baran},
  journal={Neurocomputing},
  volume={503},
  pages={92--108},
  year={2022},
  publisher={Elsevier}
}





@misc{Anomalib2024,
    author       = {Anomalib},
    title        = {Anomalib Documentation},
    url          = {https://anomalib.readthedocs.io/en/latest/index.html}
}

@misc{openvino2024,
    author       = {OpenVINO Toolkit},
    title        = {OpenVINO Toolkit: Optimized Deep Learning Inference},
    url          = {https://github.com/openvinotoolkit/openvino}
}

@article{FANG2020100980,
  title={Computer vision for behaviour-based safety in construction: A review and future directions},
  author={Fang, Weili and Love, Peter ED and Luo, Hanbin and Ding, Lieyun},
  journal={Advanced Engineering Informatics},
  volume={43},
  pages={100980},
  year={2020},
  publisher={Elsevier}
}

@misc{IBM2024,
    author       = {IBM},
    title        = {What is image segmentation?},
    url          = {https://www.ibm.com/topics/image-segmentation}
}

@article{FAWCETT2006861,
  title={An introduction to ROC analysis},
  author={Fawcett, Tom},
  journal={Pattern recognition letters},
  volume={27},
  number={8},
  pages={861--874},
  year={2006},
  publisher={Elsevier}
}


@article{Kohavi1998,
    author    = {R. Kohavi and F. Provost},
    title     = {Glossary of Terms},
    journal   = {Machine Learning},
    volume    = {30},
    pages     = {271-274},
    doi       = {10.1023/A:1017181826899},
    year      = {1998},
    url       = {https://link.springer.com/article/10.1023/A:1017181826899}
}

@misc{powers2020evaluationprecisionrecallfmeasure,
    title={Evaluation: from precision, recall and F-measure to ROC, informedness, markedness and correlation}, 
    author={David M. W. Powers},
    year={2020},
    eprint={2010.16061},
    archivePrefix={arXiv},
    primaryClass={cs.LG},
    url={https://arxiv.org/abs/2010.16061}, 
}

@misc{Walker2024,
    author       = {Stephen M. Walker II},
    title        = {Accuracy, Precision, Recall, and F1 Score - Explained},
    url          = {https://klu.ai/glossary/accuracy-precision-recall-f1},
}

@ARTICLE{9347460,
  author={Ruff, Lukas and Kauffmann, Jacob R. and Vandermeulen, Robert A. and Montavon, Grégoire and Samek, Wojciech and Kloft, Marius and Dietterich, Thomas G. and Müller, Klaus-Robert},
  journal={Proceedings of the IEEE}, 
  title={A Unifying Review of Deep and Shallow Anomaly Detection}, 
  year={2021},
  volume={109},
  number={5},
  pages={756-795},
  keywords={Deep learning;Principal component analysis;Neural networks;Machine learning;Anomaly detection;Data models;Image reconstruction;Unsupervised learning;Classification;Artificial intelligence;Kernel;Anomaly detection (AD);deep learning;explainable artificial intelligence;interpretability;kernel methods;neural networks;novelty detection;one-class classification;outlier detection;out-of-distribution (OOD) detection;unsupervised learning.},
  doi={10.1109/JPROC.2021.3052449}
}

@article{oquab2023dinov2,
  title={Dinov2: Learning robust visual features without supervision},
  author={Oquab, Maxime and Darcet, Timoth{\'e}e and Moutakanni, Th{\'e}o and Vo, Huy and Szafraniec, Marc and Khalidov, Vasil and Fernandez, Pierre and Haziza, Daniel and Massa, Francisco and El-Nouby, Alaaeldin and others},
  journal={arXiv preprint arXiv:2304.07193},
  year={2023}
}
